<record><leader>00000cas a22000007a 4500</leader><controlfield tag="001">22248143</controlfield><controlfield tag="008">900820u1979uuuumnusr ne      0    0eng d</controlfield><datafield ind1=" " ind2=" " tag="010"><subfield code="a">sn 90059742 </subfield></datafield><datafield ind1=" " ind2=" " tag="040"><subfield code="a">MN#</subfield><subfield code="b">eng</subfield><subfield code="c">MN#</subfield><subfield code="d">OCLCQ</subfield></datafield><datafield ind1=" " ind2=" " tag="042"><subfield code="a">msc</subfield></datafield><datafield ind1=" " ind2=" " tag="043"><subfield code="a">n-us-mn</subfield></datafield><datafield ind1=" " ind2=" " tag="052"><subfield code="a">4144</subfield><subfield code="b">M5:2S6</subfield></datafield><datafield ind1="0" ind2="0" tag="245"><subfield code="a">Community times southwest news.</subfield></datafield><datafield ind1="3" ind2="0" tag="246"><subfield code="a">CT southwest news</subfield></datafield><datafield ind1=" " ind2=" " tag="260"><subfield code="a">Minneapolis, Minn. :</subfield><subfield code="b">Southside Newspaper, Inc.,</subfield><subfield code="c">1979-</subfield></datafield><datafield ind1=" " ind2=" " tag="300"><subfield code="a">v.</subfield></datafield><datafield ind1=" " ind2=" " tag="310"><subfield code="a">Semimonthly</subfield></datafield><datafield ind1="0" ind2=" " tag="362"><subfield code="a">Vol. 1, no. 1 (Sept. 19, 1979)-</subfield></datafield><datafield ind1=" " ind2=" " tag="500"><subfield code="a">Published as: CT southwest news, &lt;Oct. 27, 1980&gt;-Nov. 24, 1980.</subfield></datafield><datafield ind1=" " ind2=" " tag="530"><subfield code="a">Available on microfilm from the Minnesota Historical Society.</subfield></datafield><datafield ind1=" " ind2=" " tag="752"><subfield code="a">United States</subfield><subfield code="b">Minnesota</subfield><subfield code="c">Hennepin</subfield><subfield code="d">Minneapolis.</subfield></datafield><datafield ind1="0" ind2=" " tag="775"><subfield code="t">Community times southside news</subfield><subfield code="w">(DLC)sn 90060378</subfield></datafield><datafield ind1="1" ind2=" " tag="029"><subfield code="a">AU@</subfield><subfield code="b">000025892302</subfield></datafield></record>